@misc{electricity-use-in-homes, 
        title={Electricity use in homes - U.S. Energy Information Administration (EIA)}, url={https://www.eia.gov/energyexplained/use-of-energy/electricity-use-in-homes.php}, 
        journal={Electricity use in homes}, 
        publisher={U.S. Energy Information Administration (EIA)}
}

@book{kanouglu2020fundamentals,
  title={Fundamentals and applications of renewable energy},
  author={Kano{\u{g}}lu, Mehmet and {\c{C}}engel, Yunus A and Cimbala, John M},
  year={2020},
  publisher={McGraw-Hill Education}
}

@article{PyPSA,
   author = {T. Brown and J. H\"orsch and D. Schlachtberger},
   title = {{PyPSA: Python for Power System Analysis}},
   journal = {Journal of Open Research Software},
   volume = {6},
   issue = {1},
   number = {4},
   year = {2018},
   eprint = {1707.09913},
   url = {https://doi.org/10.5334/jors.188},
   doi = {10.5334/jors.188}
}

@software{Hofmann_Atlite_A_Light-weight_2021,
author = {Hofmann, Fabian and Hampp, Johannes and Neumann, Fabian and Brown, Tom and HÃ¶rsch, Jonas},
license = {GPL-3.0-or-later},
month = {6},
title = {{Atlite: A Light-weight version of Aarhus RE Atlas for converting weather data to power systems data}},
url = {https://github.com/PyPSA/atlite},
version = {0.2.5},
year = {2021}
}

@article{hersbach2018era5,
  title={ERA5 hourly data on single levels from 1979 to present},
  author={Hersbach, H and Bell, B and Berrisford, P and Biavati, G and Hor{\'a}nyi, A and Mu{\~n}oz Sabater, J and Nicolas, J and Peubey, C and Radu, R and Rozum, I and others},
  journal={Copernicus Climate Change Service (C3S) Climate Data Store (CDS)},
  volume={10},
  year={2018}
}

@article{sunpower-datasheet, url={https://www.sunpower.com.au/sites/default/files/2019-07/max3-400-390-370-au_0.pdf}, DOI={10.1109/PVSC.2013.6744437} }

@misc{pvwatts-calculator, title={PVWatts - NREL}, url={https://pvwatts.nrel.gov/pvwatts.php}, journal={PVWatts Calculator}}

@misc{building-bama, title={New Tutwiler Residence Hall}, url={https://buildingbama.ua.edu/projects/new-tutwiler-residence-hall/}, journal={Building Bama}}

@misc{rumery_davis_2021, title={Solar Market Insight Report 2021 Q3}, url={https://www.seia.org/research-resources/solar-market-insight-report-2021-q3}, journal={SEIA}, publisher={SEIA}, author={Rumery, Shawn and Davis, Michelle}, year={2021}, month={Oct}}

@misc{homeguide, title={2021 Solar Panel Costs: Average Installation Cost Calculator}, url={https://homeguide.com/costs/solar-panel-cost}, journal={HomeGuide}}

 @misc{state-carbon, title={Introduction and key concepts: State energy-related carbon ...}, url={https://www.eia.gov/environment/emissions/state/pdf/intro_key_concepts.pdf}, journal={Energy-Related CO2 Emission Data Tables}, publisher={U.S. Energy Information Administration }, year={2021}, month={Feb}} 